00594cas a22002291a 4500
001 999293133502836
003 Nz
005 20220128090207.0
008 040105d19031904nz ir ne      0   a0eng d
035    $a (NLNZils)929313
035    $a (OCoLC)173421618
035    $a (Nz)8160104
035    $a (NLNZils)929313-ilsdb
040    $a WN $c WN
042    $a nznb
043    $a u-nz---
245 00 $a Kaponga advocate.
260    $a [Kaponga, N.Z. : $b s.n., $c 1903?-1904?]
310    $a Three no. a week
362 0  $a 1903?-1904?
651  0 $a Kaponga (N.Z.) $v Newspapers.
655  7 $a New Zealand newspapers. $2 local $5 Nz
